<record><leader>00000cas a22000007a 4500</leader><controlfield tag="001">23359261</controlfield><controlfield tag="008">910401d19831987nyuwr ne      0    0eng d</controlfield><datafield ind1=" " ind2=" " tag="010"><subfield code="a">sn 91066216 </subfield></datafield><datafield ind1=" " ind2=" " tag="040"><subfield code="a">NYS</subfield><subfield code="b">eng</subfield><subfield code="c">NYS</subfield><subfield code="d">OCLCQ</subfield></datafield><datafield ind1=" " ind2=" " tag="042"><subfield code="a">msc</subfield></datafield><datafield ind1="0" ind2=" " tag="130"><subfield code="a">Journal courier (Groton, N.Y.)</subfield></datafield><datafield ind1="1" ind2="0" tag="245"><subfield code="a">Journal courier.</subfield></datafield><datafield ind1=" " ind2=" " tag="260"><subfield code="a">Groton, N.Y. :</subfield><subfield code="b">Community Newspapers</subfield></datafield><datafield ind1=" " ind2=" " tag="300"><subfield code="a">v. ;</subfield><subfield code="c">44 cm.</subfield></datafield><datafield ind1=" " ind2=" " tag="310"><subfield code="a">Weekly</subfield></datafield><datafield ind1="0" ind2=" " tag="362"><subfield code="a">No. 36 (Sept. 7, 1983)-no. 34 (Aug. 26, 1987).</subfield></datafield><datafield ind1=" " ind2=" " tag="500"><subfield code="a">Published in Moravia, N.Y., Oct. 5, 1983-Aug. 26, 1987.</subfield></datafield><datafield ind1=" " ind2="4" tag="651"><subfield code="a">Groton (N.Y.)</subfield><subfield code="v">Newspapers.</subfield></datafield><datafield ind1=" " ind2="4" tag="651"><subfield code="a">Moravia (N.Y.)</subfield><subfield code="v">Newspapers.</subfield></datafield><datafield ind1=" " ind2=" " tag="752"><subfield code="a">United States</subfield><subfield code="b">New York</subfield><subfield code="c">Tompkins</subfield><subfield code="d">Groton.</subfield></datafield><datafield ind1=" " ind2=" " tag="752"><subfield code="a">United States</subfield><subfield code="b">New York</subfield><subfield code="c">Cayuga</subfield><subfield code="d">Moravia.</subfield></datafield><datafield ind1="0" ind2="4" tag="780"><subfield code="t">Tompkins County rural news (Dryden, N.Y. : 1970)</subfield><subfield code="w">(DLC)sn 91066156</subfield></datafield><datafield ind1="0" ind2="4" tag="780"><subfield code="t">Groton journal courier</subfield><subfield code="w">(DLC)sn 86033357</subfield></datafield><datafield ind1="0" ind2="4" tag="785"><subfield code="t">Moravia Republican register</subfield><subfield code="w">(DLC)sn 84031576</subfield></datafield><datafield ind1="1" ind2=" " tag="029"><subfield code="a">AU@</subfield><subfield code="b">000025905456</subfield></datafield></record>